
@article{baell_new_2010,
	title = {New {Substructure} {Filters} for {Removal} of {Pan} {Assay} {Interference} {Compounds} ({PAINS}) from {Screening} {Libraries} and for {Their} {Exclusion} in {Bioassays}},
	volume = {53},
	issn = {0022-2623, 1520-4804},
	url = {http://pubs.acs.org/doi/abs/10.1021/jm901137j},
	doi = {10.1021/jm901137j},
	language = {en},
	number = {7},
	urldate = {2015-06-24},
	journal = {Journal of Medicinal Chemistry},
	author = {Baell, Jonathan B. and Holloway, Georgina A.},
	month = apr,
	year = {2010},
	pages = {2719--2740},
	file = {jm901137j.pdf:/Users/choderaj/Library/Application Support/Zotero/Profiles/ig6q98k8.default/zotero/storage/FRNB7D6D/jm901137j.pdf:application/pdf}
}

@book{barlaam_novel_2008,
	title = {Novel pyrimidine derivatives 965},
	url = {http://www.google.com/patents/US20090054428},
	urldate = {2015-08-20},
	publisher = {Google Patents},
	author = {Barlaam, Bernard Christophe and Ducray, Richard},
	month = jul,
	year = {2008},
	note = {US Patent App. 12/175,010},
	file = {Patent WO2009010794A1 - 2,4-diamino-pyrimidine derivatives - Google Patents.pdf:/Users/choderaj/Library/Application Support/Zotero/Profiles/ig6q98k8.default/zotero/storage/7ISPIUG2/Patent WO2009010794A1 - 2,4-diamino-pyrimidine derivatives - Google Patents.pdf:application/pdf}
}

@article{busch_does_2015,
	title = {Does your lab coat fit to your assay?},
	volume = {18},
	number = {6},
	journal = {Journal of Biomolecular Screening},
	author = {Busch,, Michael and Thorma, Heinz Bjorn and Kober, Ingo},
	year = {2015},
	pages = {744--747},
	file = {J Biomol Screen-2013-Busch-744-7.pdf:/Users/choderaj/Library/Application Support/Zotero/Profiles/ig6q98k8.default/zotero/storage/ZNZVI24E/J Biomol Screen-2013-Busch-744-7.pdf:application/pdf}
}

@article{cheng_studies_2003,
	title = {Studies on repository compound stability in {DMSO} under various conditions},
	volume = {8},
	url = {http://jbx.sagepub.com/content/8/3/292.short},
	number = {3},
	urldate = {2015-08-20},
	journal = {Journal of biomolecular screening},
	author = {Cheng, Xueheng and Hochlowski, Jill and Tang, Hua and Hepp, Darlene and Beckner, Carl and Kantor, Stan and Schmitt, Robert},
	year = {2003},
	pages = {292--304},
	file = {J Biomol Screen-2003-Cheng-292-304.pdf:/Users/choderaj/Library/Application Support/Zotero/Profiles/ig6q98k8.default/zotero/storage/V54XG2T3/J Biomol Screen-2003-Cheng-292-304.pdf:application/pdf}
}

@article{czodrowski_count_2014,
	title = {Count on kappa},
	volume = {28},
	issn = {0920-654X, 1573-4951},
	url = {http://link.springer.com/10.1007/s10822-014-9759-6},
	doi = {10.1007/s10822-014-9759-6},
	language = {en},
	number = {11},
	urldate = {2015-08-18},
	journal = {Journal of Computer-Aided Molecular Design},
	author = {Czodrowski, Paul},
	month = nov,
	year = {2014},
	pages = {1049--1055},
	file = {Fitting_and_handling_dose_response_data_Gareth_Jones.pdf:/Users/choderaj/Library/Application Support/Zotero/Profiles/ig6q98k8.default/zotero/storage/9PU4ESVH/art%3A10.1007%2Fs10822-014-9759-6(1).pdf:application/pdf}
}

@article{davis_learning_2013,
	title = {Learning from our mistakes: {The} ‘unknown knowns’ in fragment screening},
	volume = {23},
	issn = {0960894X},
	shorttitle = {Learning from our mistakes},
	url = {http://linkinghub.elsevier.com/retrieve/pii/S0960894X13003442},
	doi = {10.1016/j.bmcl.2013.03.028},
	language = {en},
	number = {10},
	urldate = {2015-08-20},
	journal = {Bioorganic \& Medicinal Chemistry Letters},
	author = {Davis, Ben J. and Erlanson, Daniel A.},
	month = may,
	year = {2013},
	pages = {2844--2852},
	file = {1-s2.0-S0960894X13003442-main.pdf:/Users/choderaj/Library/Application Support/Zotero/Profiles/ig6q98k8.default/zotero/storage/WVA7S3HG/1-s2.0-S0960894X13003442-main.pdf:application/pdf}
}

@article{di_biological_2006,
	title = {Biological assay challenges from compound solubility: strategies for bioassay optimization},
	volume = {11},
	issn = {13596446},
	shorttitle = {Biological assay challenges from compound solubility},
	url = {http://linkinghub.elsevier.com/retrieve/pii/S135964460600047X},
	doi = {10.1016/j.drudis.2006.03.004},
	language = {en},
	number = {9-10},
	urldate = {2015-08-20},
	journal = {Drug Discovery Today},
	author = {Di, Li and Kerns, Edward H.},
	month = may,
	year = {2006},
	pages = {446--451},
	file = {1-s2.0-S135964460600047X-main.pdf:/Users/choderaj/Library/Application Support/Zotero/Profiles/ig6q98k8.default/zotero/storage/53BIKIWF/1-s2.0-S135964460600047X-main.pdf:application/pdf}
}

@article{dong_use_2006,
	title = {The {Use} of a {Dual} {Dye} {Photometric} {Calibration} {Method} to {Identify} {Possible} {Sample} {Dilution} from an {Automated} {Multichannel} {Liquid}-handling {System}},
	volume = {11},
	issn = {15355535},
	url = {http://jla.sagepub.com/lookup/doi/10.1016/j.jala.2006.02.005},
	doi = {10.1016/j.jala.2006.02.005},
	language = {en},
	number = {2},
	urldate = {2015-08-18},
	journal = {Journal of the Association for Laboratory Automation},
	author = {Dong, H and Ouyang, Z and Liu, J and Jemal, M},
	month = apr,
	year = {2006},
	pages = {60--64},
	file = {Journal of Laboratory Automation-2006-Dong-60-4.pdf:/Users/choderaj/Library/Application Support/Zotero/Profiles/ig6q98k8.default/zotero/storage/C3CQINA8/Journal of Laboratory Automation-2006-Dong-60-4.pdf:application/pdf}
}

@article{ekins_dispensing_2013,
	title = {Dispensing {Processes} {Impact} {Apparent} {Biological} {Activity} as {Determined} by {Computational} and {Statistical} {Analyses}},
	volume = {8},
	issn = {1932-6203},
	url = {http://dx.plos.org/10.1371/journal.pone.0062325},
	doi = {10.1371/journal.pone.0062325},
	language = {en},
	number = {5},
	urldate = {2015-08-18},
	journal = {PLoS ONE},
	author = {Ekins, Sean and Olechno, Joe and Williams, Antony J.},
	editor = {de Brevern, Alexandre G.},
	month = may,
	year = {2013},
	pages = {e62325},
	file = {journal.pone.0062325.pdf:/Users/choderaj/Library/Application Support/Zotero/Profiles/ig6q98k8.default/zotero/storage/NJJMKSRG/journal.pone.0062325.pdf:application/pdf}
}

@article{feng_high-throughput_2005,
	title = {High-throughput assays for promiscuous inhibitors},
	volume = {1},
	issn = {1552-4450},
	url = {http://www.nature.com/doifinder/10.1038/nchembio718},
	doi = {10.1038/nchembio718},
	number = {3},
	urldate = {2015-08-20},
	journal = {Nature Chemical Biology},
	author = {Feng, Brian Y and Shelat, Anang and Doman, Thompson N and Guy, R Kip and Shoichet, Brian K},
	month = aug,
	year = {2005},
	pages = {146--148},
	file = {nchembio718.pdf:/Users/choderaj/Library/Application Support/Zotero/Profiles/ig6q98k8.default/zotero/storage/95KHZVEJ/nchembio718.pdf:application/pdf}
}

@article{feng_synergy_2006,
	title = {Synergy and {Antagonism} of {Promiscuous} {Inhibition} in {Multiple}-{Compound} {Mixtures}},
	volume = {49},
	issn = {0022-2623, 1520-4804},
	url = {http://pubs.acs.org/doi/abs/10.1021/jm060029z},
	doi = {10.1021/jm060029z},
	language = {en},
	number = {7},
	urldate = {2015-08-20},
	journal = {Journal of Medicinal Chemistry},
	author = {Feng, Brian Y. and Shoichet, Brian K.},
	month = apr,
	year = {2006},
	pages = {2151--2154},
	file = {jm060029z.pdf:/Users/choderaj/Library/Application Support/Zotero/Profiles/ig6q98k8.default/zotero/storage/3HQQCPJ5/jm060029z.pdf:application/pdf}
}

@article{gu_dilution_2007,
	title = {Dilution {Effect} in {Multichannel} {Liquid}-{Handling} {System} {Equipped} with {Fixed} {Tips}: {Problems} and {Solutions} for {Bioanalytical} {Sample} {Preparation}},
	volume = {12},
	issn = {15355535},
	shorttitle = {Dilution {Effect} in {Multichannel} {Liquid}-{Handling} {System} {Equipped} with {Fixed} {Tips}},
	url = {http://jla.sagepub.com/lookup/doi/10.1016/j.jala.2007.07.002},
	doi = {10.1016/j.jala.2007.07.002},
	language = {en},
	number = {6},
	urldate = {2015-08-18},
	journal = {Journal of the Association for Laboratory Automation},
	author = {Gu, H and Deng, Y},
	month = dec,
	year = {2007},
	pages = {355--362},
	file = {Journal of Laboratory Automation-2007-Gu-355-62.pdf:/Users/choderaj/Library/Application Support/Zotero/Profiles/ig6q98k8.default/zotero/storage/KR2GG6F7/Journal of Laboratory Automation-2007-Gu-355-62.pdf:application/pdf}
}

@article{hatzis_enhancing_2014,
	title = {Enhancing {Reproducibility} in {Cancer} {Drug} {Screening}: {How} {Do} {We} {Move} {Forward}?},
	volume = {74},
	issn = {0008-5472, 1538-7445},
	shorttitle = {Enhancing {Reproducibility} in {Cancer} {Drug} {Screening}},
	url = {http://cancerres.aacrjournals.org/cgi/doi/10.1158/0008-5472.CAN-14-0725},
	doi = {10.1158/0008-5472.CAN-14-0725},
	language = {en},
	number = {15},
	urldate = {2015-08-20},
	journal = {Cancer Research},
	author = {Hatzis, C. and Bedard, P. L. and Birkbak, N. J. and Beck, A. H. and Aerts, H. J. W. L. and Stern, D. F. and Shi, L. and Clarke, R. and Quackenbush, J. and Haibe-Kains, B.},
	month = aug,
	year = {2014},
	pages = {4016--4023},
	file = {Cancer Res-2014-Hatzis-4016-23.pdf:/Users/choderaj/Library/Application Support/Zotero/Profiles/ig6q98k8.default/zotero/storage/MNHU2JWM/Cancer Res-2014-Hatzis-4016-23.pdf:application/pdf}
}

@article{jones_fitting_2015,
	title = {Fitting and handling dose response data},
	volume = {29},
	issn = {0920-654X, 1573-4951},
	url = {http://link.springer.com/10.1007/s10822-014-9752-0},
	doi = {10.1007/s10822-014-9752-0},
	language = {en},
	number = {1},
	urldate = {2015-08-18},
	journal = {Journal of Computer-Aided Molecular Design},
	author = {Jones, Gareth},
	month = jan,
	year = {2015},
	pages = {1--11},
	file = {Count_on_kappa_PaulCzodrowski.pdf:/Users/choderaj/Library/Application Support/Zotero/Profiles/ig6q98k8.default/zotero/storage/C34U37ZU/art%3A10.1007%2Fs10822-014-9752-0(1).pdf:application/pdf}
}

@article{jordan_rethinking_2015,
	title = {Rethinking ‘academic’ drug discovery: the {Manchester} {Institute} perspective},
	volume = {20},
	issn = {13596446},
	shorttitle = {Rethinking ‘academic’ drug discovery},
	url = {http://linkinghub.elsevier.com/retrieve/pii/S1359644614004826},
	doi = {10.1016/j.drudis.2014.12.011},
	language = {en},
	number = {5},
	urldate = {2015-08-20},
	journal = {Drug Discovery Today},
	author = {Jordan, Allan M. and Waddell, Ian D. and Ogilvie, Donald J.},
	month = may,
	year = {2015},
	pages = {525--535},
	file = {1-s2.0-S1359644614004826-main.pdf:/Users/choderaj/Library/Application Support/Zotero/Profiles/ig6q98k8.default/zotero/storage/NQ5CN8QJ/1-s2.0-S1359644614004826-main.pdf:application/pdf}
}

@article{kalliokoski_comparability_2013,
	title = {Comparability of mixed {IC} 50 data–{A} statistical analysis},
	url = {http://dx.plos.org/10.1371/journal.pone.0061007},
	urldate = {2015-08-20},
	author = {Kalliokoski, Tuomo and Kramer, Christian and Vulpetti, Anna and Gedeck, Peter},
	year = {2013},
	file = {journal.pone.0061007.pdf:/Users/choderaj/Library/Application Support/Zotero/Profiles/ig6q98k8.default/zotero/storage/9SITGAVM/journal.pone.0061007.pdf:application/pdf}
}

@article{kozikowski_effect_2003,
	title = {The {Effect} of {Freeze}/{Thaw} {Cycles} on the {Stability} of {Compounds} in {DMSO}},
	volume = {8},
	issn = {1087-0571},
	url = {http://jbx.sagepub.com/cgi/doi/10.1177/1087057103252618},
	doi = {10.1177/1087057103252618},
	language = {en},
	number = {2},
	urldate = {2015-08-20},
	journal = {Journal of Biomolecular Screening},
	author = {Kozikowski, B. A.},
	month = apr,
	year = {2003},
	pages = {210--215},
	file = {J Biomol Screen-2003-Kozikowski-210-5.pdf:/Users/choderaj/Library/Application Support/Zotero/Profiles/ig6q98k8.default/zotero/storage/UZM5MEIJ/J Biomol Screen-2003-Kozikowski-210-5.pdf:application/pdf}
}

@article{kozikowski_effect_2003-1,
	title = {The {Effect} of {Room}-{Temperature} {Storage} on the {Stability} of {Compounds} in {DMSO}},
	volume = {8},
	issn = {1087-0571},
	url = {http://jbx.sagepub.com/cgi/doi/10.1177/1087057103252617},
	doi = {10.1177/1087057103252617},
	language = {en},
	number = {2},
	urldate = {2015-08-20},
	journal = {Journal of Biomolecular Screening},
	author = {Kozikowski, B. A.},
	month = apr,
	year = {2003},
	pages = {205--209},
	file = {J Biomol Screen-2003-Kozikowski-205-9.pdf:/Users/choderaj/Library/Application Support/Zotero/Profiles/ig6q98k8.default/zotero/storage/J8RPF5EP/J Biomol Screen-2003-Kozikowski-205-9.pdf:application/pdf}
}

@article{kramer_experimental_2012,
	title = {The {Experimental} {Uncertainty} of {Heterogeneous} {Public} \textit{{K}} $_{\textrm{i}}$ {Data}},
	volume = {55},
	issn = {0022-2623, 1520-4804},
	url = {http://pubs.acs.org/doi/abs/10.1021/jm300131x},
	doi = {10.1021/jm300131x},
	language = {en},
	number = {11},
	urldate = {2015-08-20},
	journal = {Journal of Medicinal Chemistry},
	author = {Kramer, Christian and Kalliokoski, Tuomo and Gedeck, Peter and Vulpetti, Anna},
	month = jun,
	year = {2012},
	pages = {5165--5173},
	file = {jm300131x.pdf:/Users/choderaj/Library/Application Support/Zotero/Profiles/ig6q98k8.default/zotero/storage/APU7XWNP/jm300131x.pdf:application/pdf}
}

@article{mcgovern_common_2002,
	title = {A {Common} {Mechanism} {Underlying} {Promiscuous} {Inhibitors} from {Virtual} and {High}-{Throughput} {Screening}},
	volume = {45},
	issn = {0022-2623, 1520-4804},
	url = {http://pubs.acs.org/doi/abs/10.1021/jm010533y},
	doi = {10.1021/jm010533y},
	language = {en},
	number = {8},
	urldate = {2015-08-20},
	journal = {Journal of Medicinal Chemistry},
	author = {McGovern, Susan L. and Caselli, Emilia and Grigorieff, Nikolaus and Shoichet, Brian K.},
	month = apr,
	year = {2002},
	pages = {1712--1722},
	file = {mcgovern_2002.pdf:/Users/choderaj/Library/Application Support/Zotero/Profiles/ig6q98k8.default/zotero/storage/6HE96SK8/mcgovern_2002.pdf:application/pdf}
}

@article{mcgovern_kinase_2003,
	title = {Kinase {Inhibitors}: {Not} {Just} for {Kinases} {Anymore}},
	volume = {46},
	issn = {0022-2623, 1520-4804},
	shorttitle = {Kinase {Inhibitors}},
	url = {http://pubs.acs.org/doi/abs/10.1021/jm020427b},
	doi = {10.1021/jm020427b},
	language = {en},
	number = {8},
	urldate = {2015-08-20},
	journal = {Journal of Medicinal Chemistry},
	author = {McGovern, Susan L. and Shoichet, Brian K.},
	month = apr,
	year = {2003},
	pages = {1478--1483},
	file = {10.1.1.490.230.pdf:/Users/choderaj/Library/Application Support/Zotero/Profiles/ig6q98k8.default/zotero/storage/WW4KBRT7/10.1.1.490.230.pdf:application/pdf}
}

@article{naylor_acoustic_2015,
	title = {Acoustic {Dispensing} {Preserves} the {Potency} of {Therapeutic} {Peptides} throughout the {Entire} {Drug} {Discovery} {Workflow}},
	url = {http://jla.sagepub.com/content/early/2015/05/22/2211068215587915.abstract},
	urldate = {2015-08-20},
	journal = {Journal of laboratory automation},
	author = {Naylor, Jacqueline and Rossi, Alessandra and Hornigold, David C.},
	year = {2015},
	pages = {2211068215587915},
	file = {Journal of Laboratory Automation-2015-Naylor-2211068215587915.pdf:/Users/choderaj/Library/Application Support/Zotero/Profiles/ig6q98k8.default/zotero/storage/HB2JIC34/Journal of Laboratory Automation-2015-Naylor-2211068215587915.pdf:application/pdf}
}

@article{simeonov_fluorescence_2008,
	title = {Fluorescence {Spectroscopic} {Profiling} of {Compound} {Libraries}},
	volume = {51},
	issn = {0022-2623, 1520-4804},
	url = {http://pubs.acs.org/doi/abs/10.1021/jm701301m},
	doi = {10.1021/jm701301m},
	language = {en},
	number = {8},
	urldate = {2015-08-20},
	journal = {Journal of Medicinal Chemistry},
	author = {Simeonov, Anton and Jadhav, Ajit and Thomas, Craig J. and Wang, Yuhong and Huang, Ruili and Southall, Noel T. and Shinn, Paul and Smith, Jeremy and Austin, Christopher P. and Auld, Douglas S. and Inglese, James},
	month = apr,
	year = {2008},
	pages = {2363--2371},
	file = {jm701301m.pdf:/Users/choderaj/Library/Application Support/Zotero/Profiles/ig6q98k8.default/zotero/storage/3FCQJ9AH/jm701301m.pdf:application/pdf}
}

@article{smith_comparison_2012,
	title = {Comparison of {Compound} {Administration} {Methods} in {Biochemical} {Assays} {Effects} on {Apparent} {Compound} {Potency} {Using} {Either} {Assay}-{Ready} {Compound} {Plates} or {Pin} {Tool}–{Delivered} {Compounds}},
	url = {http://jbx.sagepub.com/content/early/2012/08/15/1087057112455434.abstract},
	urldate = {2015-08-20},
	journal = {Journal of biomolecular screening},
	author = {Smith, Thomas and Ho, Pei-i and Yue, Kim and Itkin, Zina and MacDougall, Damien and Paolucci, Mike and Hill, Adam and Auld, Douglas S.},
	year = {2012},
	pages = {1087057112455434},
	file = {J Biomol Screen-2013-Smith-14-25.pdf:/Users/choderaj/Library/Application Support/Zotero/Profiles/ig6q98k8.default/zotero/storage/RGQB8KRK/J Biomol Screen-2013-Smith-14-25.pdf:application/pdf}
}

@article{tjernberg_dmso-related_2005,
	title = {{DMSO}-{Related} {Effects} in {Protein} {Characterization}},
	volume = {11},
	issn = {1087-0571},
	url = {http://jbx.sagepub.com/cgi/doi/10.1177/1087057105284218},
	doi = {10.1177/1087057105284218},
	language = {en},
	number = {2},
	urldate = {2015-08-20},
	journal = {Journal of Biomolecular Screening},
	author = {Tjernberg, A.},
	month = dec,
	year = {2005},
	pages = {131--137},
	file = {J Biomol Screen-2006-Tjernberg-131-7.pdf:/Users/choderaj/Library/Application Support/Zotero/Profiles/ig6q98k8.default/zotero/storage/66TX4ENM/J Biomol Screen-2006-Tjernberg-131-7.pdf:application/pdf}
}

@article{waybright_overcoming_2009,
	title = {Overcoming {Problems} of {Compound} {Storage} in {DMSO}: {Solvent} and {Process} {Alternatives}},
	volume = {14},
	issn = {1087-0571},
	shorttitle = {Overcoming {Problems} of {Compound} {Storage} in {DMSO}},
	url = {http://jbx.sagepub.com/cgi/doi/10.1177/1087057109335670},
	doi = {10.1177/1087057109335670},
	language = {en},
	number = {6},
	urldate = {2015-08-20},
	journal = {Journal of Biomolecular Screening},
	author = {Waybright, T. J. and Britt, J. R. and McCloud, T. G.},
	month = jul,
	year = {2009},
	pages = {708--715},
	file = {J Biomol Screen-2009-Waybright-1087057109335670.pdf:/Users/choderaj/Library/Application Support/Zotero/Profiles/ig6q98k8.default/zotero/storage/NP8UBCA4/J Biomol Screen-2009-Waybright-1087057109335670.pdf:application/pdf}
}

@article{zitha-bovens_comdecom:_2009,
	title = {{COMDECOM}: {Predicting} the {Lifetime} of {Screening} {Compounds} in {DMSO} {Solution}},
	volume = {14},
	issn = {1087-0571},
	shorttitle = {{COMDECOM}},
	url = {http://jbx.sagepub.com/cgi/doi/10.1177/1087057109336953},
	doi = {10.1177/1087057109336953},
	language = {en},
	number = {5},
	urldate = {2015-08-20},
	journal = {Journal of Biomolecular Screening},
	author = {Zitha-Bovens, E. and Maas, P. and Wife, D. and Tijhuis, J. and Hu, Q.-N. and Kleinoder, T. and Gasteiger, J.},
	month = jun,
	year = {2009},
	pages = {557--565},
	file = {2fSVN7-J Biomol Screen-2009-Zitha-Bovens-557-65.pdf:/Users/choderaj/Library/Application Support/Zotero/Profiles/ig6q98k8.default/zotero/storage/MIBJ8HMM/2fSVN7-J Biomol Screen-2009-Zitha-Bovens-557-65.pdf:application/pdf}
}